@inproceedings{Paper:Classification_of_Brainwaves_Using_Convolutional_Neural_Network,
  author               = {Joshi, Swapnil R. and Headley, Drew B. and Ho, K. C. and Pare, Denis and
                          Nair, Satish S.},
  book-group-author    = {IEEE},
  title                = {Classification of Brainwaves Using Convolutional Neural Network},
  booktitle            = {2019 27TH EUROPEAN SIGNAL PROCESSING CONFERENCE (EUSIPCO)},
  series               = {European Signal Processing Conference},
  year                 = {2019},
  note                 = {27th European Signal Processing Conference (EUSIPCO), A Coruna, SPAIN,
                          SEP 02-06, 2019},
  organization         = {European Assoc Signal Proc; Univ Coruna; IEEE Signal Proc Soc; Xunta
                          Galicia, Conselleria Cultura Educac, Oredenac Univ; Turismo A Coruna,
                          Oficina Informac Tuursimo A Coruna; Off Navl Res Global; Xunta Galicia,
                          Centro Investigac TIC; MathWorks; Natl Sci Fdn; Fundac Circulo
                          Tecnologias Defensa Seguridad; Catedra UDC Everis Transformac Digital;
                          Colexico Oficial Enxeneiros Telecomunicac Galicia; Inst Tecnologico
                          Galicia},
  issn                 = {2076-1465},
  isbn                 = {978-9-0827-9703-9},
  researcherid-numbers = {Ho, Dominic K.C./GMX-1018-2022
                          },
  orcid-numbers        = {Ho, Dominic/0000-0002-4883-2151},
  unique-id            = {WOS:000604567700275}
}

@inproceedings{Proceedings:Gender_Clasification_Based_on_Single_Channel_EEG_Signal,
  author               = {Oral, E. Argun and Ozbek, I. Yucel and Codur, M. Mustafa},
  book-group-author    = {IEEE},
  title                = {Gender Clasification Based on Single Channel EEG Signal},
  booktitle            = {2017 INTERNATIONAL ARTIFICIAL INTELLIGENCE AND DATA PROCESSING SYMPOSIUM
                          (IDAP)},
  year                 = {2017},
  note                 = {2017 International Artificial Intelligence and Data Processing Symposium
                          (IDAP), Malatya, TURKEY, SEP 16-17, 2017},
  organization         = {IEEE Turkey Sect; Anatolian Sci},
  isbn                 = {978-1-5386-1880-6},
  researcherid-numbers = {Özbek, ibrahim Y/A-6904-2016
                          ÇODUR, muhammet mustafa/AAZ-5227-2020},
  orcid-numbers        = {Özbek, ibrahim Y/0000-0002-5734-7430
                          ÇODUR, muhammet mustafa/0000-0002-6439-7372},
  unique-id            = {WOS:000426868700113}
}

@inproceedings{Proceedings:Deep_Learning_for_EEG-Based_Preference_Classification,
  author               = {Teo, Jason and Hou, Chew Lin and Mountstephens, James},
  editor               = {Nifa, FAA and Lin, CK and Hussain, A},
  title                = {Deep Learning for EEG-Based Preference Classification},
  booktitle            = {2ND INTERNATIONAL CONFERENCE ON APPLIED SCIENCE AND TECHNOLOGY 2017
                          (ICAST'17)},
  series               = {AIP Conference Proceedings},
  year                 = {2017},
  volume               = {1891},
  note                 = {2nd International Conference on Applied Science and Technology (ICAST),
                          MALAYSIA, APR 03-05, 2017},
  organization         = {Acad Res Soc Malaysia},
  doi                  = {10.1063/1.5005474},
  article-number       = {020141},
  issn                 = {0094-243X},
  isbn                 = {978-0-7354-1573-7},
  researcherid-numbers = {Mountstephens, James/AAN-3688-2020
                          Teo, Jason/E-2690-2016},
  orcid-numbers        = {Teo, Jason/0000-0003-2415-5915},
  unique-id            = {WOS:000417349600141}
}

@article{Proceedings:EEG_biometric_identification:_a_thorough_exploration_of_the_time-frequency_domain,
  author               = {DelPozo-Banos, Marcos and Travieso, Carlos M. and Weidemann, Christoph
                          T. and Alonso, Jesus B.},
  title                = {EEG biometric identification: a thorough exploration of the
                          time-frequency domain},
  journal              = {JOURNAL OF NEURAL ENGINEERING},
  year                 = {2015},
  volume               = {12},
  number               = {5},
  month                = {OCT},
  doi                  = {10.1088/1741-2560/12/5/056019},
  article-number       = {056019},
  issn                 = {1741-2560},
  eissn                = {1741-2552},
  researcherid-numbers = {del Pozo Banos, Marcos/R-8617-2016
                          Travieso-González, Carlos M./N-5967-2014
                          Alonso-Hernández, Jesús B./N-5977-2014
                          Weidemann, Christoph T./E-8857-2011},
  orcid-numbers        = {del Pozo Banos, Marcos/0000-0003-1502-389X
                          Travieso-González, Carlos M./0000-0002-4621-2768
                          Alonso-Hernández, Jesús B./0000-0002-7866-585X
                          Weidemann, Christoph T./0000-0002-4280-2744},
  unique-id            = {WOS:000364139800021}
}

@inproceedings{Proceedings:Age_and_Gender_Classification_Using_EEG_Paralinguistic_Features,
  author               = {Phuoc Nguyen and Dat Tran and Huang, Xu and Ma, Wanli},
  book-group-author    = {IEEE},
  title                = {Age and Gender Classification Using EEG Paralinguistic Features},
  booktitle            = {2013 6TH INTERNATIONAL IEEE/EMBS CONFERENCE ON NEURAL ENGINEERING (NER)},
  series               = {International IEEE EMBS Conference on Neural Engineering},
  year                 = {2013},
  pages                = {1295-1298},
  note                 = {6th International IEEE EMBS Conference on Neural Engineering (NER), San
                          Diego, CA, NOV 06-08, 2013},
  organization         = {IEEE EMBS; Battelle; Brain Vis LLC; Cortech Solut; Univ Minnesota, IGERT
                          Program, Syst Neuroengineering; IOP Publishing; Ripple; Univ Minnesota,
                          Inst Engn Med; Plexon},
  issn                 = {1948-3546},
  isbn                 = {978-1-4673-1969-0},
  researcherid-numbers = {Ma, wanli/HPH-0786-2023
                          Huang, Xu/HOH-0307-2023
                          Tran, Dat T/A-3209-2008
                          },
  orcid-numbers        = {Ma, wanli/0000-0002-1860-1264
                          Tran, Dat T/0000-0002-5788-0446
                          Ma, Wanli/0000-0002-6172-020X
                          Nguyen, Phuoc/0000-0002-1649-2519},
  unique-id            = {WOS:000331259200320}
}

@misc{Dataset:EEG_Motor_Movement/Imagery_Dataset,
  doi       = {10.13026/C28G6P},
  url       = {https://physionet.org/content/eegmmidb/},
  author    = {Schalk,  Gerwin and McFarland,  Dennis J and Hinterberger,  Thilo and Birbaumer,  Niels and Wolpaw,  Jonathan R},
  title     = {EEG Motor Movement/Imagery Dataset},
  publisher = {physionet.org},
  year      = {2009}
}